@article{interEsp,

    author = {J. Seetaram1 and
    A. Bhavya and
    C. Tarun and
    V. Sameera},
    title = {Internet of Things (IoT) Based Greenhouse
Monitoring and Controlling System
Using ESP-32},
    pages = {29--35},
    journal = {International Journal of Advanced Research in Computer and Communication Engineering},
    volume = {13},
    DOI = {10.17148/IJARCCE.2024.13605},
    year = {2024},

}

@article{ieeeComp,
    author = {Aya Battikh and Raya Zaid and Asma Tayeh and Ayaat Kittana and Jaffar Jallad and Samer Alsadi and Tareq Foqha and Dania Alahdal and Mohammad Kanan},
    title = {Greenhouse Automation using ESP32: A Comprehensive Study on Monitoring and Controlling Environmental Parameters for Optimal Plant Growth},

    series = {2nd International Engineering Conference on Electrical, Energy, and Artificial Intelligence (EICEEAI)},
    year = {2023},
    DOI = {10.1109/EICEEAI60672.2023.10590110},
}

@article{ieeeGreenAI,
    author = {Jhilam Mukherjee and
    Dibyasree Mukherjee and
    Sneha Upadhyay and
    Ariyan Basu and
    Lipakshi Shaw and
    Debiya Singh and
    Sumana Manna},
    title = {Non Plant Specific Smart Greenhouse with Convective Drying Unit},
    year = {2024},
    DOI = {10.1109/TQCEBT59414.2024.10545221},
    series = {International Conference on Trends in Quantum Computing and Emerging Business Technologies (TQCEBT)},

}
